@article{plastic,
  title={Drifting plastic and its consequences for sessile organism dispersal in the Atlantic Ocean},
  author={Barnes, DKA and Milner, P},
  journal={Marine Biology},
  volume={146},
  number={4},
  pages={815--825},
  year={2005},
  publisher={Springer}
}

@inproceedings{alexnet,
  title={Imagenet classification with deep convolutional neural networks},
  author={Krizhevsky, Alex and Sutskever, Ilya and Hinton, Geoffrey E},
  booktitle={Advances in neural information processing systems},
  pages={1097--1105},
  year={2012}
}

@inproceedings{cnn,
  title={CNN Features off-the-shelf: an Astounding Baseline for Recognition},
  author={Razavian, Ali Sharif and Azizpour, Hossein and Sullivan, Josephine and Carlsson, Stefan},
  booktitle={Computer Vision and Pattern Recognition Workshops (CVPRW), 2014 IEEE Conference on},
  pages={512--519},
  year={2014},
  organization={IEEE}
}