% == Image recognition van Camiel

% - Drones animal recognition. 
% interesting cites: OD = -11
%                    NN = 15, 22, 29
%                    BOW= 31, 33, 34
@article{vannature,
  title={Nature Conservation Drones for Automatic Localization and Counting of Animals},
  author={van Gemert, Jan C and Verschoor23, Camiel R and Mettes, Pascal and Epema, Kitso and Koh, Lian Pin and Wich56, Serge}
}

% -Texture recognition model
@inproceedings{saisan2001dynamic,
  title={Dynamic texture recognition},
  author={Saisan, Payam and Doretto, Gianfranco and Wu, Ying Nian and Soatto, Stefano},
  booktitle={Computer Vision and Pattern Recognition, 2001. CVPR 2001. Proceedings of the 2001 IEEE Computer Society Conference on},
  volume={2},
  pages={II--58},
  year={2001},
  organization={IEEE}
}

%- thomas phd voor mit-note
@string{pubroot="https://staff.fnwi.uva.nl/t.e.j.mensink/publications/"}
@string{webroot="https://staff.fnwi.uva.nl/t.e.j.mensink/"}
@PHDTHESIS{mensink12phd,
  author = {Thomas Mensink},
  title = {Learning Image Classification and Retrieval Models},
  school = {Universit\'{e} de Grenoble, INRIA-Grenoble, and Xerox Research Centre Europe},
  year = {2012},
  pdf  = pubroot # {mensink12phd.pdf},
  png = pubroot # {mensink12phd.png},
  presentation = pubroot #{mensink12phd_presentation.pdf},
  www = webroot # {phd.php}
}


% == Algemeen vision
% -boek
% url= http://citeseerx.ist.psu.edu/viewdoc/download?doi=10.1.1.414.9846&rep=rep1&type=pdf
@book{szeliski2010computer,
  title={Computer vision: algorithms and applications},
  author={Szeliski, Richard},
  year={2010},
  publisher={Springer Science \& Business Media}
}

% == CNN van Thomas
% begin van NeuralNet
@article{fukushima1980neocognition,
  title={Neocognitron: A self-organizing neural network model for a mechanism of pattern recognition unaffected by shift in position},
  author={Fukushima, Kunihiko},
  journal={Biological cybernetics},
  volume={36},
  number={4},
  pages={193--202},
  year={1980},
  publisher={Springer}
}


% -Stanford cursus
% url= http://vision.stanford.edu/teaching/cs231n/syllabus.html

% -caffe platform
% url= 
@article{jia2014caffe,
  Author = {Jia, Yangqing and Shelhamer, Evan and Donahue, Jeff and Karayev, Sergey and Long, Jonathan and Girshick, Ross and Guadarrama, Sergio and Darrell, Trevor},
  Journal = {arXiv preprint arXiv:1408.5093},
  Title = {Caffe: Convolutional Architecture for Fast Feature Embedding},
  Year = {2014}
}

%-SVM
@inproceedings{boser1992training,
  title={A training algorithm for optimal margin classifiers},
  author={Boser, Bernhard E and Guyon, Isabelle M and Vapnik, Vladimir N},
  booktitle={Proceedings of the fifth annual workshop on Computational learning theory},
  pages={144--152},
  year={1992},
  organization={ACM}
}

%-BING
@inproceedings{BingObj2014,
  title={{BING}: Binarized Normed Gradients for Objectness Estimation at 300fps},
  author={Ming-Ming Cheng and Ziming Zhang and Wen-Yan Lin and Philip H. S. Torr},
  booktitle={IEEE CVPR},
  year={2014},
}

%-BAF
@inproceedings{csurka2004visual,
  title={Visual categorization with bags of keypoints},
  author={Csurka, Gabriella and Dance, Christopher and Fan, Lixin and Willamowski, Jutta and Bray, C{\'e}dric},
  booktitle={Workshop on statistical learning in computer vision, ECCV},
  volume={1},
  number={1-22},
  pages={1--2},
  year={2004},
  organization={Prague}
}

% -thomas' paper over image recognition
% url= http://link.springer.com/article/10.1007/s11263-013-0636-x
@article{sanchez2013image,
  title={Image classification with the fisher vector: Theory and practice},
  author={S{\'a}nchez, Jorge and Perronnin, Florent and Mensink, Thomas and Verbeek, Jakob},
  journal={International journal of computer vision},
  volume={105},
  number={3},
  pages={222--245},
  year={2013},
  publisher={Springer}
}

% -thomas' paper over hoe goed CNNs zijn
% url= http://arxiv.org/pdf/1403.6382v3.pdf
@inproceedings{razavian2014cnn,
  title={CNN Features off-the-shelf: an Astounding Baseline for Recognition},
  author={Razavian, Ali Sharif and Azizpour, Hossein and Sullivan, Josephine and Carlsson, Stefan},
  booktitle={Computer Vision and Pattern Recognition Workshops (CVPRW), 2014 IEEE Conference on},
  pages={512--519},
  year={2014},
  organization={IEEE}
}

% -groot ding over CNNs
% url= http://arxiv.org/pdf/1311.2524.pdf
@inproceedings{girshick2014rich,
  title={Rich feature hierarchies for accurate object detection and semantic segmentation},
  author={Girshick, Ross and Donahue, Jeff and Darrell, Trevor and Malik, Jitendra},
  booktitle={Computer Vision and Pattern Recognition (CVPR), 2014 IEEE Conference on},
  pages={580--587},
  year={2014},
  organization={IEEE}
}

% -eerste ding over CNNs
@inproceedings{krizhevsky2012imagenet,
  title={Imagenet classification with deep convolutional neural networks},
  author={Krizhevsky, Alex and Sutskever, Ilya and Hinton, Geoffrey E},
  booktitle={Advances in neural information processing systems},
  pages={1097--1105},
  year={2012}
}

% Over objecten in scenes
% url=http://arxiv.org/pdf/1412.6856v1.pdf
@article{bolei2015object,
  title={Object detectors emerge in Deep Scene CNNs},
  author={Bolei, Zhou and Khosla, Aditya and Lapedriza, Agata and Oliva, Aude and Torralba, Antonio},
  year={2015}
}


% -algemene uitleg over CNNs
@incollection{zeiler2014visualizing,
  title={Visualizing and understanding convolutional networks},
  author={Zeiler, Matthew D and Fergus, Rob},
  booktitle={Computer Vision--ECCV 2014},
  pages={818--833},
  year={2014},
  publisher={Springer}
}

% -local binary patterns
% url= http://www4.comp.polyu.edu.hk/~cslzhang/paper/CLBP.pdf
@article{guo2010completed,
  title={A completed modeling of local binary pattern operator for texture classification},
  author={Guo, Zhenhua and Zhang, David},
  journal={Image Processing, IEEE Transactions on},
  volume={19},
  number={6},
  pages={1657--1663},
  year={2010},
  publisher={IEEE}
}

% -local derivative (lbp 2.0)
% url= http://pgembeddedsystems.com/download/matlab/Local%20Derivative%20Pattern%20Versus%20Local%20Binary%20Pattern%20Face%20Recognition%20With%20High-Order.pdf
@article{zhang2010local,
  title={Local derivative pattern versus local binary pattern: face recognition with high-order local pattern descriptor},
  author={Zhang, Baochang and Gao, Yongsheng and Zhao, Sanqiang and Liu, Jianzhuang},
  journal={Image Processing, IEEE Transactions on},
  volume={19},
  number={2},
  pages={533--544},
  year={2010},
  publisher={IEEE}
}

% == color
% -zet verschillende color-models uit
% url= http://ieeexplore.ieee.org/stamp/stamp.jsp?tp=&arnumber=5204091
@article{van2010evaluating,
  title={Evaluating color descriptors for object and scene recognition},
  author={Van De Sande, Koen EA and Gevers, Theo and Snoek, Cees GM},
  journal={Pattern Analysis and Machine Intelligence, IEEE Transactions on},
  volume={32},
  number={9},
  pages={1582--1596},
  year={2010},
  publisher={IEEE}
}

%- color sift?
% url= http://www.researchgate.net/profile/Xian_Hua_Han/publication/220235291_Color_Independent_Components_Based_SIFT_Descriptors_for_ObjectScene_Classification/links/00463531e6d0eaecd2000000.pdf
@article{ai2010color,
  title={Color independent components based SIFT descriptors for object/scene classification},
  author={Ai, Dan-Ni and Han, Xian-Hua and CHEN, Yen-wei},
  journal={IEICE transactions on information and systems},
  volume={93},
  number={9},
  pages={2577--2586},
  year={2010},
  publisher={The Institute of Electronics, Information and Communication Engineers}
}

% == Algemeen plastic soup probleem beschrijving
@article{barnes2005drifting,
  title={Drifting plastic and its consequences for sessile organism dispersal in the Atlantic Ocean},
  author={Barnes, DKA and Milner, P},
  journal={Marine Biology},
  volume={146},
  number={4},
  pages={815--825},
  year={2005},
  publisher={Springer}
}
@article{moore2011plastic,
  title={Plastic ocean},
  author={Moore, Capt Charles and Phillips, Cassandra},
  journal={How a sea captainâ€™s chance discovery launched a determined quest to save the oceans. Avery, New York},
  year={2011}
}

@article{von2012uptake,
  title={Uptake and effects of microplastics on cells and tissue of the blue mussel Mytilus edulis L. after an experimental exposure},
  author={von Moos, Nadia and Burkhardt-Holm, Patricia and Ko\"ohler, Angela},
  journal={Environmental science \& technology},
  volume={46},
  number={20},
  pages={11327--11335},
  year={2012},
  publisher={ACS Publications}
}